@article{le2014distributed,
  title={Distributed representations of sentences and documents},
  author={Le, Quoc V and Mikolov, Tomas},
  journal={arXiv preprint arXiv:1405.4053},
  year={2014}
}
@article{mikolov2013efficient,
  title={Efficient estimation of word representations in vector space},
  author={Mikolov, Tomas and Chen, Kai and Corrado, Greg and Dean, Jeffrey},
  journal={arXiv preprint arXiv:1301.3781},
  year={2013}
}


@article{stolcke2000,
	author = {Stolcke, Andreas and Coccaro, Noah and Bates, Rebecca and Taylor, Paul and Van Ess-Dykema, Carol and Ries, Klaus and Shriberg, Elizabeth and Jurafsky, Daniel and Martin, Rachel and Meteer, Marie},
	title = {Dialogue Act Modeling for Automatic Tagging and Recognition of Conversational Speech},
	journal = {Comput. Linguist.},
	issue_date = {September 2000},
	volume = {26},
	number = {3},
	month = sep,
	year = {2000},
	issn = {0891-2017},
	pages = {339--373},
	numpages = {35},
	url = {http://dx.doi.org/10.1162/089120100561737},
	doi = {10.1162/089120100561737},
	acmid = {971872},
	publisher = {MIT Press},
	address = {Cambridge, MA, USA},
} 

@article{kalchbrenner,
	author    = {Nal Kalchbrenner and
	Phil Blunsom},
	title     = {Recurrent Convolutional Neural Networks for Discourse Compositionality},
	journal   = {CoRR},
	volume    = {abs/1306.3584},
	year      = {2013},
	url       = {http://arxiv.org/abs/1306.3584},
	timestamp = {Mon, 01 Jul 2013 20:31:26 +0200},
	biburl    = {http://dblp.uni-trier.de/rec/bib/journals/corr/KalchbrennerB13},
	bibsource = {dblp computer science bibliography, http://dblp.org}
}

@InProceedings{milajevs,
	author    = {Milajevs, Dmitrijs  and  Purver, Matthew},
	title     = {Investigating the Contribution of Distributional Semantic Information for Dialogue Act Classification},
	booktitle = {Proceedings of the 2nd Workshop on Continuous Vector Space Models and their Compositionality (CVSC)},
	month     = {April},
	year      = {2014},
	address   = {Gothenburg, Sweden},
	publisher = {Association for Computational Linguistics},
	pages     = {40--47},
	url       = {http://www.aclweb.org/anthology/W14-1505}
}
@misc{john1962austin,
  title={Austin. How to do things with words},
  author={John, L},
  year={1962},
  publisher={Clarendon Press, Oxford}
}
